@BOOK{b:feynman,
key = {FEYN},
author = {Feynman, Richard Phillips},
title = {Surely You're Joking, Mr. Feynman: Adventures of a Curious Character},
publisher = {W.\,W.\,Norton \& Co},
year = {1985}
}

@ARTICLE{a:einstein,
  author = {Einstein, A.},
  title = {A Generalization of the relativistic theory of Gravitation},
  journal = {Annals of Mathematics},
  year = {1945},
  volume = {46},
  pages = {578-584},
  number = {4}
  }