@booklet{anleitung,
  author = "{Physikalisches Praktikum TU Dortmund}",
  title = "{Versuch Nr 01 - Lebensdauer der Myonen}",
  howpublished = "\url{http://129.217.224.2/HOMEPAGE/Anleitung_FPMa.html}",
  note = {aufgerufen 23.6.2014},
}

@online{pdgonline,
    author = "{K.A. Olive et al. (Particle Data Group)}",
    title = "{The Review of Particle Physics}",
    howpublished = "\url{http://pdg.lbl.gov}",
    note = "{aufgerufen September 2014}",
}
