@booklet{V61,
  author = "{Physikalisches Praktikum TU Dortmund}",
  title = "{Versuch 61: Der HeNe-Lase}",
  howpublished = "\url{http://129.217.224.2/HOMEPAGE/PHYSIKER/BACHELOR/FP/SKRIPT/V61.pdf}",
  note = {aufgerufen 10.11.2014},
}

@booklet{V53,
  author = "{Physikalisches Praktikum TU Dortmund}",
  title = "{Versuch 53 - Mikrowellen}",
  howpublished = "\url{http://129.217.224.2/HOMEPAGE/PHYSIKER/BACHELOR/FP/SKRIPT/AnlMikrowelle.pdf}",
  note = {aufgerufen 30.6.2014},
}

@booklet{V18,
  author = "{Physikalisches Praktikum TU Dortmund}",
  title = "{Versuch Nr 18 - Der Reinst-Germanium-Detektor als Instrument der Gamma-Spektroskopie}",
  howpublished = "\url{http://129.217.224.2/HOMEPAGE/Anleitung_FPMa.html}",
  note = {aufgerufen 16.6.2014},
}

@online{lara,
    author = "{Laboratoire National Henri Becquerel}",
    title = "{Lara Database}",
    howpublished = "\url{http://laraweb.free.fr}",
    note = "{aufgerufen 30.07.2014}",
}

@booklet{E02,
  author = "{Physikalisches Praktikum TU Dortmund}",
  title = "{Versuch E2: Signale auf Leitungen}",
  howpublished = "\url{http://129.217.224.2/HOMEPAGE/PHYSIKER/BACHELOR/FP/SKRIPT/Signale_E2.pdf}",
  note = {aufgerufen 2.7.2014},
}

@booklet{V46,
  author = "{Physikalisches Praktikum TU Dortmund}",
  title = "{Versuch 46 -- Faraday-Effekt an Halbleitern}",
  howpublished = "\url{http://129.217.224.2/HOMEPAGE/PHYSIKER/BACHELOR/FP/SKRIPT/V46.pdf}",
  note = {aufgerufen 6.7.2014},
}

@booklet{pdgonline,
    author = "{K.A. Olive et al. (Particle Data Group)}",
    title = "{The Review of Particle Physics}",
    howpublished = "\url{http://pdg.lbl.gov}",
    note = "{aufgerufen September 2014}",
}

@booklet{GeAs,
    author = "{Batop optoelectronics GmbH}",
    title = "{Refractive index n of GaAs}",
    howpublished = "\url{http://batop.de/informations/n_GaAs.htm}",
    note = "{aufgerufen September 2014}",
}

@booklet{kittel,
  author = "{Charles Kittel}",
  title = "{Einführung in die Festkörperphysik}",
  note = {aufgerufen September 2014},
}

@booklet{koax,
    author = "{The Unknown Editor}",
    title = "{Mikrowaves101}",
    howpublished = "\url{http://www.microwaves101.com/}",
    note = "{aufgerufen September 2014}",
}
