@BOOK{anleitung,
  title = {Versuch Nr 18 - Der Reinst-Germanium-Detektor als Instrument der Gamma-Spektroskopie},
  note = {TU Dortmund, Fachbereich Physik, Praktikum, 16.6.2014},
  } 
