@ARTICLE{k_means,
  author = {P. A. Thuman-Commike},
  title = {Single particle macromolecular structure determination
via electron microscopy.},
  journal = {FEBS Letters},
  year = {2001}
  } 

@ARTICLE{isac,
  author = {Z. Yang, J. Fang, J. Chittuluru, F. J. Asturias, P. A. Penczek},
  title = {Iterative Stable Alignment and Clustering
of 2D Transmission Electron Microscope Images.},
  journal = {Cell Press},
  year = {2012}
  } 

@ARTICLE{julian_haemo,
  author = {J. Markl},
  title = {Evolution of molluscan hemocyanin structures.},
  journal = {Elsevier},
  year = {2013}
  } 

@ARTICLE{christos_diss,
  author = {C. Gatsogiannis},
  title = {3D Strukturanalyse von Molluskenhämocyaninen aus elektronenmikrokopischen Bildern.},
  journal = {Johannes Gutenberg Universität Mainz},
  year = {2009}
  } 

@ARTICLE{neg_stain,
  author = {D. S. Booth, A. Avila-Sakar, Y. Cheng},
  title = {Visualizing Proteins and Macromolecular Complexes by Negative Stain EM:
from Grid Preparation to Image Acquisition.},
  journal = {jove},
  year = {2011}
  } 

@techreport{2D_align,
  author = {P. A. Penczek},
  title = {2D Alignment as an advanced problem.},
  Institution = {The University of Texas}
  } 

@ARTICLE{bio_TEM,
  author = {L. F. Kourkoutis, J. M. Plitzko,
W. Baumeister},
  title = {Electron Microscopy of
Biological Materials at the
Nanometer Scale.},
  journal = {Annual Reviews},
  year = {2012}
  } 

@ARTICLE{sepia_3D,
  author = {N. Boisset, F. Mouche},
  title = {Sepia officinalis Hemocyanin: A Refined 3D Structure
from Field Emission Gun Cryoelectron Microscopy.},
  journal = {JMB},
  year = {2000}
  } 

@ARTICLE{komplex,
  author = {R. Hübler},
  title = {Charakterisierung und Stabilität von Arthropoden-Hämocyanin.},
  journal = {Johannes Gutenberg-Universität
in Mainz},
  year = {2001},
  pages = {3}
  } 

@ARTICLE{jeol,
  author = {JEOL},
  title = {Transmissionselektronenmikroskope.},
  year = {2013},
  notes = {URL: http://www.jeol.de}
  } 

@ARTICLE{scherzer,
  author = {O. Scherzer},
  title = {The Theoretical Resolution Limit of the Electron Microscope.},
  journal = {Journal of Physics, Bd. 20},
  year = {1949}
  } 

@ARTICLE{zhu,
  author = {J. Zhu, P. A. Penczek, R. Schroder, J. Frank},
  title = {Three-dimensional reconstruction
with contrast transfer function correction from energy-filtered cryoelectron micrographs:
procedure and application to the 70S Escherichia coli ribosome.},
  journal = {J Struct Biol, Bd. 118},
  year = {1997},
  pages = {197-219}
  } 

@techreport{behrmann,
  author = {E. Behrmann},
  title = {Structure of the Actin/Tropomyosin/Myosin Rigor Complex as Revealed
by Cryo-Electron Microscopy.},
  Institution = {TU Dortmund},
  year = {2012}
  } 

@BOOK{alex,
  author = {H. Alexander},
  title = {Physikalische Grundlagen der Elektronenmikroskopie.},
  Institution = {TU Dortmund},
  publisher = {Teubner Studienbücher},
  year = {2012}
  } 

@BOOK{numerical_recipes,
  author = {W. H. Press, S. A. Teukolsky, W. T. Vetterling, B. P. Flannery},
  title = {Numerical Recipes in C},
  publisher = { Press Syndicate of the University of Cambridge.},
  year = {2012},
  edition = {2},
  pages = {500-504},
  isbn = {0-521-43108-5}
  } 

@ARTICLE{grid,
  author = {Plano GmbH},
  title = {Netzchen},
  year = {2014},
  pages = {20,6}
  } 

@ARTICLE{fsk,
  author = {M. van Heel, M. Schatz},
  title = {Fourier shell correlation threshold criteria.},
  journal = {J Struct Biol, Bd. 151},
  pages = {1147-55},
  year = {2005}
  } 

@ARTICLE{aufloesung1,
  author = {P.A. Penczek},
  title = {Image restoration in cryo-electron microscopy.},
  journal = {Methods Enzymol, Bd. 482},
  pages = {35-72},
  year = {2010}
  } 

@ARTICLE{aufloesung2,
  author = {M. Baker, J. Zhang, S. Ludtke, W. Chiu},
  title = {Cryo-EM of macromolecular
assemblies atnear-atomic resolution.},
  journal = {Nature Protocols, Bd. 5},
  pages = {1697-1708},
  year = {2010}
  } 

@ARTICLE{thon,
  author = {F. Thon},
  title = {Phase contrast transfer function.},
  journal = {Electron Microscopy in Material Sciences},
  pages = {571-625},
  year = {1971}
  } 

@ARTICLE{pdb,
  author = {M. E. Cuff, K.I. Miller, K.E. van Holde, W.A. Hendrickson},
  title = {Crystal structure of a functional unit from Octopus hemocyanin.},
  journal = { J.Mol.Biol., Bd. 278},
  pages = {855-870},
  year = {1998}
  } 

@ARTICLE{einzelpartikel,
  author = {P.A. Penczek},
  title = {Fundamentals of three-dimensional reconstruction from projections.},
  journal = {Methods Enzymol, Bd. 482},
  pages = {1-33},
  year = {2010}
  }

@ARTICLE{pdb2,
  title = {Protein Data Bank.},
  notes = {URL:Quelle http://www.rcsb.org/pdb/home/home.do}
  } 

@ARTICLE{sepi_offi,
  title = {Bild eines Sepia Officinalis.},
  notes = {URL:http://www.sjoharen.com/gallery/fprw/sjoharen/1293_m.JPG}
  } 



