@ARTICLE{k_means,
  author = {P. A. Thuman-Commike},
  title = {Single particle macromolecular structure determination
via electron microscopy},
  journal = {FEBS Letters},
  year = {2001}
  }

@ARTICLE{isac,
  author = {Z. Yang, J. Fang, J. Chittuluru, F. J. Asturias, P. A. Penczek},
  title = {Iterative Stable Alignment and Clustering
of 2D Transmission Electron Microscope Images},
  journal = {Cell Press},
  year = {2012}
  }

@ARTICLE{julian_haemo,
  author = {J. Markl},
  title = {Evolution of molluscan hemocyanin structures},
  journal = {Elsevier},
  year = {2013}
  }

@techreport{christos_diss,
  author = {C. Gatsogiannis},
  title = {3D Strukturanalyse von Molluskenhämocyaninen aus elektronenmikrokopischen Bildern},
  Institution = {Johannes Gutenberg Universität Mainz},
  year = {2009}
  }

@ARTICLE{neg_stain,
  author = {D. S. Booth, A. Avila-Sakar, Y. Cheng},
  title = {Visualizing Proteins and Macromolecular Complexes by Negative Stain EM:
from Grid Preparation to Image Acquisition},
  journal = {jove},
  year = {2011}
  }

@techreport{2D_align,
  author = {P. A. Penczek},
  title = {2D Alignment as an advanced problem},
  Institution = {The University of Texas}
  }

@ARTICLE{bio_TEM,
  author = {L. F. Kourkoutis, J. M. Plitzko,
W. Baumeister},
  title = {Electron Microscopy of
Biological Materials at the
Nanometer Scale},
  journal = {Annual Reviews},
  year = {2012}
  }

@ARTICLE{sepia_3D,
  author = {N. Boisset, F. Mouche},
  title = {Sepia officinalis Hemocyanin: A Refined 3D Structure
from Field Emission Gun Cryoelectron Microscopy},
  journal = {JMB},
  year = {2000}
  }

@techreport{komplex,
  author = {R. Hübler},
  title = {Charakterisierung und Stabilität von Arthropoden-Hämocyanin},
  Institution = {Johannes Gutenberg-Universität
in Mainz},
  year = {2001},
  pages = {3}
  }

@ARTICLE{jeol,
  author = {JEOL},
  title = {Transmissionselektronenmikroskope},
  year = {2013},
  notes = {URL: http://www.jeol.de}
  }

@ARTICLE{scherzer,
  author = {O. Scherzer},
  title = {The Theoretical Resolution Limit of the Electron Microscope},
  journal = {Journal of Physics, Bd. 20},
  year = {1949}
  }

@ARTICLE{zhu,
  author = {J. Zhu, P. A. Penczek, R. Schroder, J. Frank},
  title = {Three-dimensional reconstruction
with contrast transfer function correction from energy-filtered cryoelectron micrographs:
procedure and application to the 70S Escherichia coli ribosome},
  journal = {J Struct Biol, Bd. 118},
  year = {1997},
  pages = {197-219}
  }

@techreport{behrmann,
  author = {E. Behrmann},
  title = {Structure of the Actin/Tropomyosin/Myosin Rigor Complex as Revealed
by Cryo-Electron Microscopy},
  Institution = {TU Dortmund},
  year = {2012}
  }

@BOOK{alex,
  author = {H. Alexander},
  title = {Physikalische Grundlagen der Elektronenmikroskopie},
  Institution = {TU Dortmund},
  publisher = {Teubner Studienbücher},
  year = {2012}
  }

@BOOK{numerical_recipes,
  author = {W. H. Press, S. A. Teukolsky, W. T. Vetterling, B. P. Flannery},
  title = {Numerical Recipes in C},
  publisher = { Press Syndicate of the University of Cambridge},
  year = {2012},
  edition = {2},
  pages = {500-504},
  isbn = {0-521-43108-5}
  }